<?xml version="1.0" encoding="UTF-8"?><record xmlns="http://www.loc.gov/MARC21/slim" xmlns:cinclude="http://apache.org/cocoon/include/1.0" xmlns:zs="http://www.loc.gov/zing/srw/">
  <leader>00520cz  a2200157n  4500</leader>
  <controlfield tag="001">n  89181172 </controlfield>
  <controlfield tag="003">DLC</controlfield>
  <controlfield tag="005">19931222090822.3</controlfield>
  <controlfield tag="008">931202n| acannaab|          |a aaa |||  </controlfield>
  <datafield tag="010" ind1=" " ind2=" ">
    <subfield code="a">n  89181172 </subfield>
  </datafield>
  <datafield tag="040" ind1=" " ind2=" ">
    <subfield code="a">DLC</subfield>
    <subfield code="c">DLC</subfield>
    <subfield code="d">DLC</subfield>
  </datafield>
  <datafield tag="100" ind1="1" ind2="0">
    <subfield code="a">Pavāra, Mahādevarāva</subfield>
  </datafield>
  <datafield tag="400" ind1="0" ind2="0">
    <subfield code="a">Mahādevarāva Pavāra</subfield>
  </datafield>
  <datafield tag="400" ind1="1" ind2="0">
    <subfield code="a">Pavāra, Mahādeva</subfield>
  </datafield>
  <datafield tag="400" ind1="0" ind2="0">
    <subfield code="a">Mahādeva Pavāra</subfield>
  </datafield>
  <datafield tag="670" ind1=" " ind2=" ">
    <subfield code="a">His Hindusthānī Lālasenā kā itihāsa, 1991:</subfield>
    <subfield code="b">t.p. (Mahādevarāva Pavāra) cover, p. 3 (freedom fighter, and social worker)</subfield>
  </datafield>
</record>